@misc{ijvm_wiki,
  title={IJVM},
  author={{Wikipedia contributors}},
  year={2024},
  howpublished={\url{https://en.wikipedia.org/wiki/IJVM}},
  note={Accessed: 2025-01-15}
}

@book{tanenbaum2013,
  title={Structured Computer Organization},
  author={Tanenbaum, Andrew S. and Austin, Todd},
  edition={6th},
  year={2013},
  publisher={Pearson},
  url={https://books.google.it/books/about/Structured_Computer_Organization.html?id=m0HHygAACAAJ}
}

@misc{intel8088_wiki,
  title={Intel 8088 - Wikipedia},
  author={{Wikipedia contributors}},
  year={2024},
  url={https://en.wikipedia.org/wiki/Intel_8088},
  howpublished={\url{https://en.wikipedia.org/wiki/Intel_8088}},
}

@misc{antlr_website,
  title={ANTLR},
  author={Parr, Terence},
  url={https://www.antlr.org/},
  howpublished={\url{https://www.antlr.org/}},
}

@misc{ijvmtest,
  title={IJVM Test File},
  author={Tanenbaum, Andrew S.},
  url={https://www.ontko.com/mic1/ijvmtest.jas},
  howpublished={\url{https://www.ontko.com/mic1/ijvmtest.jas}},
}